[gd_scene load_steps=4 format=3 uid="uid://cxbt2ll2onx5j"]

[ext_resource type="PackedScene" uid="uid://0swvqa3jrl8y" path="res://Scenes/Menu/Panels/MenuPanel.tscn" id="1"]
[ext_resource type="Script" path="res://Scripts/Menu/Panels/GameInfoMenuPanel.gd" id="2"]
[ext_resource type="PackedScene" path="res://Scenes/InterfaceElements/GameInfoVariable.tscn" id="3"]

[node name="GameInfoMenuPanel" instance=ExtResource("1")]
script = ExtResource("2")

[node name="HeaderLabel" parent="LargePanelHeader" index="1"]
text = "GAME INFO"

[node name="ScrollContainer" type="ScrollContainer" parent="." index="1"]
layout_mode = 0
anchor_right = 1.0
anchor_bottom = 1.0
offset_left = 20.0
offset_top = 50.0
offset_right = -20.0

[node name="GameInfoElements" type="VBoxContainer" parent="ScrollContainer" index="0"]
layout_mode = 2
size_flags_horizontal = 3
size_flags_vertical = 3

[node name="Separator" type="Control" parent="ScrollContainer/GameInfoElements" index="0" groups=["Permanent"]]
layout_mode = 2

[node name="Setup" type="VBoxContainer" parent="ScrollContainer/GameInfoElements" index="1"]
layout_mode = 2

[node name="GameSetupLabel" type="Label" parent="ScrollContainer/GameInfoElements/Setup" index="0"]
custom_minimum_size = Vector2(0, 50)
layout_mode = 2
size_flags_horizontal = 3
text = "GAME SETUP"
horizontal_alignment = 1
vertical_alignment = 1

[node name="GameName" parent="ScrollContainer/GameInfoElements/Setup" index="1" instance=ExtResource("3")]
layout_mode = 2

[node name="VariableLabel" parent="ScrollContainer/GameInfoElements/Setup/GameName" index="0"]
layout_mode = 2
text = "Game Name"
vertical_alignment = 1

[node name="ValueLabel" parent="ScrollContainer/GameInfoElements/Setup/GameName" index="1"]
layout_mode = 2
vertical_alignment = 1

[node name="TickLength" parent="ScrollContainer/GameInfoElements/Setup" index="2" instance=ExtResource("3")]
layout_mode = 2

[node name="VariableLabel" parent="ScrollContainer/GameInfoElements/Setup/TickLength" index="0"]
layout_mode = 2
text = "Tick Length"
vertical_alignment = 1

[node name="ValueLabel" parent="ScrollContainer/GameInfoElements/Setup/TickLength" index="1"]
layout_mode = 2
vertical_alignment = 1

[node name="MapType" parent="ScrollContainer/GameInfoElements/Setup" index="3" instance=ExtResource("3")]
layout_mode = 2

[node name="VariableLabel" parent="ScrollContainer/GameInfoElements/Setup/MapType" index="0"]
layout_mode = 2
text = "Map Type"
vertical_alignment = 1

[node name="ValueLabel" parent="ScrollContainer/GameInfoElements/Setup/MapType" index="1"]
layout_mode = 2
vertical_alignment = 1

[node name="OutpostsPerPlayer" parent="ScrollContainer/GameInfoElements/Setup" index="4" instance=ExtResource("3")]
layout_mode = 2

[node name="VariableLabel" parent="ScrollContainer/GameInfoElements/Setup/OutpostsPerPlayer" index="0"]
layout_mode = 2
text = "Outposts Per Player"
vertical_alignment = 1

[node name="ValueLabel" parent="ScrollContainer/GameInfoElements/Setup/OutpostsPerPlayer" index="1"]
layout_mode = 2
vertical_alignment = 1

[node name="GenerateTroopsTicksDivisor" parent="ScrollContainer/GameInfoElements/Setup" index="5" instance=ExtResource("3")]
layout_mode = 2
Suffix = "x"

[node name="VariableLabel" parent="ScrollContainer/GameInfoElements/Setup/GenerateTroopsTicksDivisor" index="0"]
layout_mode = 2
text = "Troop Generation Rate"
vertical_alignment = 1

[node name="ValueLabel" parent="ScrollContainer/GameInfoElements/Setup/GenerateTroopsTicksDivisor" index="1"]
layout_mode = 2
vertical_alignment = 1

[node name="GenerateMaximumShieldTicksDivisor" parent="ScrollContainer/GameInfoElements/Setup" index="6" instance=ExtResource("3")]
layout_mode = 2
Suffix = "x"

[node name="VariableLabel" parent="ScrollContainer/GameInfoElements/Setup/GenerateMaximumShieldTicksDivisor" index="0"]
layout_mode = 2
text = "Complete Shield Generation Rate"
vertical_alignment = 1

[node name="ValueLabel" parent="ScrollContainer/GameInfoElements/Setup/GenerateMaximumShieldTicksDivisor" index="1"]
layout_mode = 2
vertical_alignment = 1

[node name="SonarRangeMultiplier3" parent="ScrollContainer/GameInfoElements/Setup" index="7" instance=ExtResource("3")]
layout_mode = 2
Suffix = "x"

[node name="VariableLabel" parent="ScrollContainer/GameInfoElements/Setup/SonarRangeMultiplier3" index="0"]
layout_mode = 2
text = "Sonar Range"
vertical_alignment = 1

[node name="ValueLabel" parent="ScrollContainer/GameInfoElements/Setup/SonarRangeMultiplier3" index="1"]
layout_mode = 2
vertical_alignment = 1

[node name="SubmarineSpeedMultiplier" parent="ScrollContainer/GameInfoElements/Setup" index="8" instance=ExtResource("3")]
layout_mode = 2
Suffix = "x"

[node name="VariableLabel" parent="ScrollContainer/GameInfoElements/Setup/SubmarineSpeedMultiplier" index="0"]
layout_mode = 2
text = "Submarine Speed"
vertical_alignment = 1

[node name="ValueLabel" parent="ScrollContainer/GameInfoElements/Setup/SubmarineSpeedMultiplier" index="1"]
layout_mode = 2
vertical_alignment = 1

[node name="AdvancedOptionsButton" type="Button" parent="ScrollContainer/GameInfoElements/Setup" index="9" groups=["Permanent"]]
custom_minimum_size = Vector2(0, 50)
layout_mode = 2
focus_mode = 0
toggle_mode = true
text = "Advanced Options"

[node name="OutpostNames" parent="ScrollContainer/GameInfoElements/Setup" index="10" groups=["Advanced"] instance=ExtResource("3")]
visible = false
layout_mode = 2

[node name="VariableLabel" parent="ScrollContainer/GameInfoElements/Setup/OutpostNames" index="0"]
layout_mode = 2
text = "Outpost Names"
vertical_alignment = 1

[node name="ValueLabel" parent="ScrollContainer/GameInfoElements/Setup/OutpostNames" index="1"]
layout_mode = 2
vertical_alignment = 1

[node name="LaunchWaitTicks" parent="ScrollContainer/GameInfoElements/Setup" index="11" groups=["Advanced"] instance=ExtResource("3")]
visible = false
layout_mode = 2

[node name="VariableLabel" parent="ScrollContainer/GameInfoElements/Setup/LaunchWaitTicks" index="0"]
layout_mode = 2
text = "Ticks Before Submarine Launch"
vertical_alignment = 1

[node name="ValueLabel" parent="ScrollContainer/GameInfoElements/Setup/LaunchWaitTicks" index="1"]
layout_mode = 2
vertical_alignment = 1

[node name="GiftWaitTicks" parent="ScrollContainer/GameInfoElements/Setup" index="12" groups=["Advanced"] instance=ExtResource("3")]
visible = false
layout_mode = 2

[node name="VariableLabel" parent="ScrollContainer/GameInfoElements/Setup/GiftWaitTicks" index="0"]
layout_mode = 2
text = "Ticks Before Submarine Gift"
vertical_alignment = 1

[node name="ValueLabel" parent="ScrollContainer/GameInfoElements/Setup/GiftWaitTicks" index="1"]
layout_mode = 2
vertical_alignment = 1

[node name="Players" type="VBoxContainer" parent="ScrollContainer/GameInfoElements" index="2"]
layout_mode = 2

[node name="PlayersLabel" type="Label" parent="ScrollContainer/GameInfoElements/Players" index="0" groups=["Permanent"]]
custom_minimum_size = Vector2(0, 50)
layout_mode = 2
size_flags_horizontal = 3
text = "PLAYERS"
horizontal_alignment = 1
vertical_alignment = 1

[node name="Separator2" type="Control" parent="ScrollContainer/GameInfoElements" index="3" groups=["Permanent"]]
layout_mode = 2

[connection signal="visibility_changed" from="." to="." method="_on_GameInfoMenuPanel_visibility_changed"]
[connection signal="toggled" from="ScrollContainer/GameInfoElements/Setup/AdvancedOptionsButton" to="." method="_on_AdvancedOptionsButton_toggled"]

[editable path="LargePanelHeader"]
[editable path="ScrollContainer/GameInfoElements/Setup/GameName"]
[editable path="ScrollContainer/GameInfoElements/Setup/TickLength"]
[editable path="ScrollContainer/GameInfoElements/Setup/MapType"]
[editable path="ScrollContainer/GameInfoElements/Setup/OutpostsPerPlayer"]
[editable path="ScrollContainer/GameInfoElements/Setup/GenerateTroopsTicksDivisor"]
[editable path="ScrollContainer/GameInfoElements/Setup/GenerateMaximumShieldTicksDivisor"]
[editable path="ScrollContainer/GameInfoElements/Setup/SonarRangeMultiplier3"]
[editable path="ScrollContainer/GameInfoElements/Setup/SubmarineSpeedMultiplier"]
[editable path="ScrollContainer/GameInfoElements/Setup/OutpostNames"]
[editable path="ScrollContainer/GameInfoElements/Setup/LaunchWaitTicks"]
[editable path="ScrollContainer/GameInfoElements/Setup/GiftWaitTicks"]
