[gd_scene load_steps=6 format=3 uid="uid://dlrfk8naw1huh"]

[ext_resource type="PackedScene" uid="uid://ctxs6sbmnyhc0" path="res://Scenes/Tooltips/ErrorToolTip.tscn" id="1_wi21h"]
[ext_resource type="Theme" uid="uid://cqls6qjr3xp0v" path="res://Themes/Menus/Menu.tres" id="1_wwe8u"]
[ext_resource type="PackedScene" uid="uid://bry2j4loax3wr" path="res://Scenes/Tooltips/ErrorToolTipButton.tscn" id="2_5h5ma"]
[ext_resource type="PackedScene" uid="uid://cxvbpo5h77brq" path="res://Scenes/Tooltips/WarningToolTip.tscn" id="3_c63wm"]
[ext_resource type="PackedScene" uid="uid://h0ynnjg1h7yh" path="res://Scenes/Tooltips/WarningToolTipButton.tscn" id="5_obix0"]

[node name="MenuTextInput" type="Control"]
custom_minimum_size = Vector2(0, 50)
layout_mode = 3
anchors_preset = 10
anchor_right = 1.0
grow_horizontal = 2
theme = ExtResource("1_wwe8u")

[node name="InputLabel" type="Label" parent="."]
custom_minimum_size = Vector2(0, 50)
layout_mode = 2
offset_right = 465.0
offset_bottom = 50.0
size_flags_horizontal = 3
text = "Input name"
vertical_alignment = 1

[node name="LineEdit" type="LineEdit" parent="."]
layout_mode = 1
anchors_preset = 1
anchor_left = 1.0
anchor_right = 1.0
offset_left = -465.0
offset_bottom = 50.0
grow_horizontal = 0
size_flags_horizontal = 3
size_flags_vertical = 3
context_menu_enabled = false

[node name="ErrorToolTip" parent="." instance=ExtResource("1_wi21h")]
visible = false
layout_mode = 1
anchors_preset = 1
anchor_left = 1.0
anchor_right = 1.0
offset_left = -940.0
offset_right = -475.0
grow_horizontal = 0

[node name="WarningToolTip" parent="." instance=ExtResource("3_c63wm")]
visible = false
layout_mode = 1
anchors_preset = 1
anchor_left = 1.0
anchor_right = 1.0
offset_left = -940.0
offset_right = -475.0
grow_horizontal = 0

[node name="ErrorToolTipButton" parent="." instance=ExtResource("2_5h5ma")]
visible = false
layout_mode = 1
anchors_preset = 1
anchor_bottom = 0.0
offset_left = -525.0
offset_right = -475.0
offset_bottom = 50.0
grow_horizontal = 0

[node name="WarningToolTipButton" parent="." instance=ExtResource("5_obix0")]
visible = false
layout_mode = 1
anchors_preset = 1
anchor_bottom = 0.0
offset_left = -525.0
offset_right = -475.0
offset_bottom = 50.0
grow_horizontal = 0

[connection signal="mouse_entered" from="ErrorToolTipButton" to="ErrorToolTipButton" method="_on_OptionWarningButton_mouse_entered"]
[connection signal="mouse_exited" from="ErrorToolTipButton" to="ErrorToolTipButton" method="_on_OptionWarningButton_mouse_exited"]
[connection signal="toggled" from="ErrorToolTipButton" to="ErrorToolTipButton" method="_on_OptionWarningButton_toggled"]
[connection signal="mouse_entered" from="WarningToolTipButton" to="WarningToolTipButton" method="_on_OptionWarningButton_mouse_entered"]
[connection signal="mouse_exited" from="WarningToolTipButton" to="WarningToolTipButton" method="_on_OptionWarningButton_mouse_exited"]
[connection signal="toggled" from="WarningToolTipButton" to="WarningToolTipButton" method="_on_OptionWarningButton_toggled"]
