[gd_scene load_steps=10 format=3 uid="uid://dd3bdtj2phbub"]

[ext_resource type="Theme" uid="uid://cqls6qjr3xp0v" path="res://Themes/Menus/Menu.tres" id="1"]
[ext_resource type="PackedScene" uid="uid://bm6g88n4b1ksv" path="res://Scenes/InterfaceElements/ItemPanelHeader.tscn" id="3_jxds5"]
[ext_resource type="Script" path="res://Scripts/Game/Panels/OutpostPanel.gd" id="4"]
[ext_resource type="PackedScene" uid="uid://dvdtpy4v3jy3h" path="res://Scenes/InterfaceElements/Action.tscn" id="4_7xdjw"]
[ext_resource type="Texture2D" uid="uid://d26qwgk1ngolf" path="res://Media/InterfaceElements/MineButton.svg" id="5_o2jmx"]
[ext_resource type="PackedScene" path="res://Scenes/Toasts/ErrorToast.tscn" id="6_8fncy"]
[ext_resource type="PackedScene" uid="uid://coghilnxd4jgg" path="res://Scenes/Toasts/Toast.tscn" id="6_f0ukv"]

[sub_resource type="Theme" id="44"]
HBoxContainer/constants/separation = 5

[sub_resource type="Theme" id="Theme_2cfm2"]
VBoxContainer/constants/separation = 5

[node name="OutpostPanel" type="Panel"]
offset_right = 310.0
offset_bottom = 150.0
theme = ExtResource("1")
script = ExtResource("4")

[node name="ItemPanelHeader" parent="." instance=ExtResource("3_jxds5")]
layout_mode = 1

[node name="ItemLabel" parent="ItemPanelHeader" index="0"]
text = "OUTPOST"

[node name="Info" type="HBoxContainer" parent="."]
layout_mode = 0
offset_left = 10.0
offset_top = 30.0
offset_right = 98.0
offset_bottom = 67.0
theme = SubResource("44")

[node name="TroopsLabel" type="Label" parent="Info"]
layout_mode = 2
size_flags_horizontal = 8
size_flags_vertical = 3
theme_override_font_sizes/font_size = 32
text = "0"
vertical_alignment = 1

[node name="InfoLabel" type="Label" parent="Info"]
layout_mode = 2
size_flags_horizontal = 3
size_flags_vertical = 3
theme_override_font_sizes/font_size = 10
text = "Drillers"
vertical_alignment = 1

[node name="Actions" type="HBoxContainer" parent="."]
layout_mode = 1
anchors_preset = 12
anchor_top = 1.0
anchor_right = 1.0
anchor_bottom = 1.0
offset_left = 10.0
offset_top = -65.0
offset_right = -10.0
offset_bottom = -5.0
grow_horizontal = 2
grow_vertical = 0
theme_override_constants/separation = 0

[node name="Mine" parent="Actions" instance=ExtResource("4_7xdjw")]
layout_mode = 2

[node name="Label" parent="Actions/Mine" index="0"]
text = "Create Mine"

[node name="Button" parent="Actions/Mine" index="1"]
toggle_mode = true
icon = ExtResource("5_o2jmx")

[node name="Toasts" type="VBoxContainer" parent="."]
layout_mode = 1
anchors_preset = 12
anchor_top = 1.0
anchor_right = 1.0
anchor_bottom = 1.0
offset_top = 5.0
offset_bottom = 160.0
grow_horizontal = 2
grow_vertical = 0
theme = SubResource("Theme_2cfm2")

[node name="Transforming" parent="Toasts" instance=ExtResource("6_f0ukv")]
layout_mode = 2

[node name="Label" parent="Toasts/Transforming" index="0"]
text = "Turning into mine in 0:00"

[node name="TooManyTroops" parent="Toasts" instance=ExtResource("6_8fncy")]
layout_mode = 2

[node name="Label" parent="Toasts/TooManyTroops" index="0"]
text = "Requires too many troops"

[connection signal="visibility_changed" from="." to="." method="_on_OutpostPanel_visibility_changed"]
[connection signal="pressed" from="Actions/Mine/Button" to="." method="_on_MineButton_pressed"]
[connection signal="toggled" from="Actions/Mine/Button" to="." method="_on_MineButton_toggled"]

[editable path="ItemPanelHeader"]
[editable path="Actions/Mine"]
[editable path="Toasts/Transforming"]
[editable path="Toasts/TooManyTroops"]
