[gd_scene load_steps=11 format=3 uid="uid://trimbpffau6c"]

[ext_resource type="Texture2D" uid="uid://bl41v1n7xstve" path="res://Media/InterfaceElements/TimeWheel.svg" id="1"]
[ext_resource type="Script" path="res://Scripts/Game/Panels/TimePanel.gd" id="2"]
[ext_resource type="Texture2D" uid="uid://cthgf86qx1dg5" path="res://Media/InterfaceElements/TimeArrows.svg" id="3"]
[ext_resource type="Theme" uid="uid://cqls6qjr3xp0v" path="res://Themes/Menus/Menu.tres" id="4"]
[ext_resource type="FontFile" uid="uid://xovefd8pit8g" path="res://Fonts/UbuntuRegular.ttf" id="5"]
[ext_resource type="PackedScene" uid="uid://yu7a4kixgvjr" path="res://Scenes/InterfaceElements/ExpandButton.tscn" id="6"]

[sub_resource type="StyleBoxTexture" id="1"]

[sub_resource type="Theme" id="2"]
Button/styles/disabled = SubResource("1")
Button/styles/focus = SubResource("1")
Button/styles/hover = SubResource("1")
Button/styles/normal = SubResource("1")
Button/styles/pressed = SubResource("1")

[sub_resource type="FontFile" id="8"]
subpixel_positioning = 0
msdf_pixel_range = 14
msdf_size = 128
fallbacks = Array[Font]([ExtResource("5")])
cache/0/16/0/ascent = 0.0
cache/0/16/0/descent = 0.0
cache/0/16/0/underline_position = 0.0
cache/0/16/0/underline_thickness = 0.0
cache/0/16/0/scale = 1.0
cache/0/16/0/kerning_overrides/16/0 = Vector2(0, 0)

[sub_resource type="Theme" id="9"]
Label/colors/font_color = Color(0, 0, 0, 1)
Label/fonts/font = SubResource("8")

[node name="TimePanel" type="Panel"]
offset_right = 310.0
offset_bottom = 150.0
theme = ExtResource("4")
script = ExtResource("2")

[node name="Wheel" type="Control" parent="."]
anchors_preset = 0
offset_left = 185.0
offset_top = 25.0
offset_right = 225.0
offset_bottom = 65.0

[node name="WheelButton" type="Button" parent="Wheel"]
layout_mode = 0
offset_right = 100.0
offset_bottom = 100.0
theme = SubResource("2")
action_mode = 0

[node name="WheelSprite" type="Sprite2D" parent="Wheel"]
position = Vector2(50, 50)
scale = Vector2(0.2, 0.2)
texture = ExtResource("1")

[node name="ArrowsSprite" type="Sprite2D" parent="Wheel"]
position = Vector2(50, 50)
scale = Vector2(0.2, 0.2)
texture = ExtResource("3")

[node name="WheelPoint" type="Node2D" parent="Wheel"]
position = Vector2(50, 50)

[node name="Panel" type="Panel" parent="Wheel"]
modulate = Color(1, 1, 1, 0)
layout_mode = 0
offset_left = 30.0
offset_top = 30.0
offset_right = 70.0
offset_bottom = 70.0

[node name="ScrollContainer" type="ScrollContainer" parent="."]
layout_mode = 0
anchor_bottom = 1.0
offset_left = 10.0
offset_top = 35.0
offset_right = 160.0

[node name="QueuedOrders" type="VBoxContainer" parent="ScrollContainer"]
layout_mode = 2
size_flags_horizontal = 3
size_flags_vertical = 3

[node name="TimeLabel" type="Label" parent="."]
layout_mode = 0
offset_left = 10.0
offset_top = 10.0
offset_right = 290.0
offset_bottom = 30.0
theme = SubResource("9")
text = "00:00 from now"

[node name="ExpandButton" parent="." instance=ExtResource("6")]
layout_mode = 1
anchors_preset = -1

[connection signal="visibility_changed" from="." to="." method="_on_TimePanel_visibility_changed"]
[connection signal="button_down" from="Wheel/WheelButton" to="." method="_on_WheelButton_button_down"]
[connection signal="button_up" from="Wheel/WheelButton" to="." method="_on_WheelButton_button_up"]
