[gd_scene load_steps=13 format=3 uid="uid://bbb0shjxpc8h5"]

[ext_resource type="Theme" uid="uid://cqls6qjr3xp0v" path="res://Themes/Menus/Menu.tres" id="1_w67xj"]
[ext_resource type="PackedScene" uid="uid://cgijkb2e4wmww" path="res://Scenes/InterfaceElements/OrderIcons.tscn" id="4_8nkvq"]
[ext_resource type="Texture2D" uid="uid://c7huprawkkl6x" path="res://Media/InterfaceElements/CancelOrderButton.svg" id="5"]
[ext_resource type="Script" path="res://Scripts/InterfaceElements/QueuedOrder.gd" id="6"]

[sub_resource type="StyleBoxFlat" id="16"]
bg_color = Color(0.74902, 0.737255, 0.721569, 1)

[sub_resource type="Theme" id="17"]
default_font_size = 10
Button/colors/font_color = Color(0, 0, 0, 1)
Button/colors/font_color_disabled = Color(0, 0, 0, 1)
Button/colors/font_color_focus = Color(0, 0, 0, 1)
Button/colors/font_color_hover = Color(0, 0, 0, 1)
Button/colors/font_color_pressed = Color(0, 0, 0, 1)
Button/styles/disabled = SubResource("16")
Button/styles/focus = SubResource("16")
Button/styles/hover = SubResource("16")
Button/styles/normal = SubResource("16")
Button/styles/pressed = SubResource("16")

[sub_resource type="StyleBoxTexture" id="10"]
texture = ExtResource("5")
region_rect = Rect2(0, 0, 500, 500)

[sub_resource type="Theme" id="11"]
Button/styles/disabled = SubResource("10")
Button/styles/focus = SubResource("10")
Button/styles/hover = SubResource("10")
Button/styles/normal = SubResource("10")
Button/styles/pressed = SubResource("10")

[sub_resource type="StyleBoxFlat" id="13"]
bg_color = Color(0.670588, 0.12549, 0.141176, 1)

[sub_resource type="Theme" id="14"]
default_font_size = 10
Button/colors/font_color = Color(0.835294, 0.823529, 0.807843, 1)
Button/colors/font_color_disabled = Color(0.835294, 0.823529, 0.807843, 1)
Button/colors/font_color_focus = Color(0.835294, 0.823529, 0.807843, 1)
Button/colors/font_color_hover = Color(0.835294, 0.823529, 0.807843, 1)
Button/colors/font_color_pressed = Color(0.835294, 0.823529, 0.807843, 1)
Button/styles/disabled = SubResource("13")
Button/styles/focus = SubResource("13")
Button/styles/hover = SubResource("13")
Button/styles/normal = SubResource("13")
Button/styles/pressed = SubResource("13")

[sub_resource type="StyleBoxFlat" id="18"]
bg_color = Color(0.823529, 0.556863, 0.164706, 1)

[sub_resource type="Theme" id="19"]
default_font_size = 10
Button/colors/font_color = Color(0.835294, 0.823529, 0.807843, 1)
Button/colors/font_color_disabled = Color(0.835294, 0.823529, 0.807843, 1)
Button/colors/font_color_focus = Color(0.835294, 0.823529, 0.807843, 1)
Button/colors/font_color_hover = Color(0.835294, 0.823529, 0.807843, 1)
Button/colors/font_color_pressed = Color(0.835294, 0.823529, 0.807843, 1)
Button/styles/disabled = SubResource("18")
Button/styles/focus = SubResource("18")
Button/styles/hover = SubResource("18")
Button/styles/normal = SubResource("18")
Button/styles/pressed = SubResource("18")

[node name="QueuedOrder" type="Control"]
custom_minimum_size = Vector2(0, 30)
layout_mode = 3
anchors_preset = 0
offset_right = 150.0
offset_bottom = 30.0
mouse_filter = 2
theme = ExtResource("1_w67xj")
script = ExtResource("6")

[node name="ValidOrderButton" type="Button" parent="."]
custom_minimum_size = Vector2(0, 30)
layout_mode = 0
anchor_right = 1.0
anchor_bottom = 1.0
theme = SubResource("17")
text = "Launch (+00:00)"

[node name="CancelButton" type="Button" parent="ValidOrderButton"]
modulate = Color(0, 0, 0, 1)
layout_mode = 0
offset_left = 5.0
offset_top = 5.0
offset_right = 25.0
offset_bottom = 25.0
theme = SubResource("11")

[node name="OrderIcons" parent="ValidOrderButton" instance=ExtResource("4_8nkvq")]
layout_mode = 1

[node name="InvalidOrderButton" type="Button" parent="."]
custom_minimum_size = Vector2(0, 30)
layout_mode = 0
anchor_right = 1.0
anchor_bottom = 1.0
theme = SubResource("14")
text = "Launch (+00:00)"

[node name="CancelButton" type="Button" parent="InvalidOrderButton"]
modulate = Color(0.835294, 0.823529, 0.807843, 1)
layout_mode = 0
offset_left = 5.0
offset_top = 5.0
offset_right = 25.0
offset_bottom = 25.0
theme = SubResource("11")

[node name="OrderIcons" parent="InvalidOrderButton" instance=ExtResource("4_8nkvq")]
modulate = Color(0.835294, 0.823529, 0.807843, 1)
layout_mode = 1

[node name="WarningOrderButton" type="Button" parent="."]
custom_minimum_size = Vector2(0, 30)
layout_mode = 0
anchor_right = 1.0
anchor_bottom = 1.0
theme = SubResource("19")
text = "Launch (+00:00)"

[node name="CancelButton" type="Button" parent="WarningOrderButton"]
modulate = Color(0.835294, 0.823529, 0.807843, 1)
layout_mode = 0
offset_left = 5.0
offset_top = 5.0
offset_right = 25.0
offset_bottom = 25.0
theme = SubResource("11")

[node name="OrderIcons" parent="WarningOrderButton" instance=ExtResource("4_8nkvq")]
modulate = Color(0.835294, 0.823529, 0.807843, 1)
layout_mode = 1

[connection signal="visibility_changed" from="." to="." method="_on_QueuedOrder_visibility_changed"]
[connection signal="pressed" from="ValidOrderButton" to="." method="_on_OrderButton_pressed"]
[connection signal="pressed" from="ValidOrderButton/CancelButton" to="." method="_on_CancelButton_pressed"]
[connection signal="pressed" from="InvalidOrderButton" to="." method="_on_OrderButton_pressed"]
[connection signal="pressed" from="InvalidOrderButton/CancelButton" to="." method="_on_CancelButton_pressed"]
[connection signal="pressed" from="WarningOrderButton" to="." method="_on_OrderButton_pressed"]
[connection signal="pressed" from="WarningOrderButton/CancelButton" to="." method="_on_CancelButton_pressed"]
